@BOOK{scitool,
   author       = {M. R. Derrick , D. Stulik and J. M. Landry},
   year         = 1999,
   title        = {Infrared Spectroscopy in Conservation Science},
   publisher    = {The Getty Conservation Institute}
}
@MISC{spechistory,
	author= {wwww},
    year= 2008,
    title= {FTIR Instrumentation},
    url={www}
}
@BOOK{alpert,
  author = {N. L. Alpert , W. E. Keiser and H. A. Szymanski},
  year = 1970,
  title = {IR Theory and Practice of Infrared Spectroscopy},
  publisher = {Plenum Press New York}
}
@BOOK{griffithsQM,
	author = {D. J. Griffiths},
    year = 2005,
    title = {Introduction To Quantum Mechanics},
    publisher = {Pearson Education International}
}
@BOOK{samurai,
    author = {J.J. Sakurai and J. Napolitano},
    year= 2011,
    title = {Modern Quantum Mechanics Second Edition},
    publisher = {Pearson Education International}
}
@BOOK{stuart,
	author = {B. H. Stuart},
    year  = 2004,
    title = {Infrared Spectroscopy: Fundamentals and Applications},
    publisher = {John Wiley and Sons, Ltd}
}
@MANUAL{FTIRmanual,
   title = {Introduction to Fourier Transform Infrared Spectroscopy},
   organization = {Thermo Fisher Scientific Inc},
   month = may,
   year = 2013
}
@misc{wiki:ATR,
  author = {{Attenuated total reflectance}},
  title = "Attenuated total reflectance --- {W}ikipedia{,} The Free Encyclopedia",
  year = "2013",
  url = "https://commons.wikimedia.org/wiki/File:ATR_path-en.svg",
  note = "[Online; accessed 15-December-2021]"
}
@BOOK{numerical,
	author = "W. H. Press, S. A. Teukolsky,  W. T. Vetterling and B. P. Flannery",
    year  = 2007,
    title = "Numerical Recipes The Art of Scientific Computing Third Edition",
    publisher = "Cambridge University Press"
}
@BOOK{plasticRefract,
    author = "N. Sultanova, S. Kasarova, I. Nikolov",
    year = 2009,
    title = "Dispersion Properties of Optical Polymers",
    publisher = {Proceedings of the International School and Conference on Photonics}
}
@misc{MethanolFDA,
  author       = {U.S. Food And Drug Administration},
  howpublished = {FDA News Release},
  title        = {FDA Commits to Evidence-Based Actions Aimed at Saving Lives and Preventing Future Generations of Smokers},
  year         = {2021}
}
@article{SubstanceDangerPaper,
  author          = {Talhout R, Schulz T, Florek E, van Benthem J, Wester P, Opperhuizen A.},
  journal         = {International journal of environmental research and public health},
  number          = {2},
  title           = {Hazardous Compounds in Tobacco Smoke},
  volume          = {8},
  year            = {2011}
}